<record xmlns="http://www.loc.gov/MARC21/slim" xmlns:xsi="http://www.w3.org/2001/XMLSchema-instance" xsi:schemaLocation="http://www.loc.gov/MARC21/slim http://www.loc.gov/standards/marcxml/schema/MARC21slim.xsd"><leader>02294nam a2200421   4500</leader><controlfield tag="001">001907311</controlfield><controlfield tag="003">NNU</controlfield><controlfield tag="006">m        d        </controlfield><controlfield tag="007">cr cn |||m|||a</controlfield><controlfield tag="008">150223s1961    sy h    o     000 0 arar</controlfield><datafield ind1=" " ind2=" " tag="040"><subfield code="a">NNU</subfield><subfield code="b">eng</subfield><subfield code="c">NNU</subfield></datafield><datafield ind1="0" ind2=" " tag="050"><subfield code="a">PJ6141</subfield><subfield code="b">.H3</subfield></datafield><datafield ind1=" " ind2=" " tag="066"><subfield code="c">(3</subfield></datafield><datafield ind1=" " ind2=" " tag="090"><subfield code="a">PJ6141</subfield><subfield code="b">.H3</subfield></datafield><datafield ind1="1" ind2=" " tag="100"><subfield code="6">880-01</subfield><subfield code="a">Ab&#363; al-&#7788;ayyib al-Lughaw&#299;, &#699;Abd al-W&#257;&#7717;id ibn &#699;Al&#299;,</subfield><subfield code="d">d. 962 or 3</subfield></datafield><datafield ind1="1" ind2="3" tag="240"><subfield code="6">880-02</subfield><subfield code="a">al-Itb&#257;&#699;</subfield></datafield><datafield ind1="1" ind2="0" tag="245"><subfield code="6">880-03</subfield><subfield code="a">Kit&#257;b al-itb&#257;&#699;</subfield><subfield code="h">[electronic resource] /</subfield><subfield code="c">Ab&#299; al-&#7788;ayyib &#699;Abd al-W&#257;&#7717;id ibn &#699;Al&#299; al-Lughaw&#299; al-&#7716;alab&#299; ; &#7717;aqqaqahu wa-shara&#7717;ahu wa-qaddama lahu &#699;Izz al-D&#299;n al-Tan&#363;kh&#299;.</subfield></datafield><datafield ind1=" " ind2=" " tag="260"><subfield code="6">880-04</subfield><subfield code="a">Dimashq :</subfield><subfield code="b">al-Majma&#699; al-Lughah al-&#699;Arab&#299; bi-Dimashq,</subfield><subfield code="c">1961.</subfield></datafield><datafield ind1=" " ind2=" " tag="300"><subfield code="a">online resource (128 p.) :</subfield><subfield code="b">facsims.</subfield></datafield><datafield ind1="1" ind2=" " tag="490"><subfield code="6">880-05</subfield><subfield code="a">Ma&#7789;b&#363;&#699;&#257;t Majma&#699; al-Lughah al-&#699;Arab&#299;yah bi-Dimashq</subfield></datafield><datafield ind1=" " ind2=" " tag="500"><subfield code="a">Part of the Arabic Collections Online (ACO) project, contributed by New York Univeristy Libraries.</subfield></datafield><datafield ind1=" " ind2=" " tag="533"><subfield code="a">Electronic reproduction.</subfield><subfield code="b">New York, N.Y. :</subfield><subfield code="c">New York University,</subfield><subfield code="d">2015.</subfield><subfield code="5">NNU</subfield></datafield><datafield ind1=" " ind2="0" tag="650"><subfield code="a">Arabic language</subfield><subfield code="v">Glossaries, vocabularies, etc.</subfield></datafield><datafield ind1="1" ind2=" " tag="700"><subfield code="6">880-06</subfield><subfield code="a">Tan&#363;kh&#299;, &#699;Izz al-D&#299;n</subfield></datafield><datafield ind1="2" ind2=" " tag="710"><subfield code="a">New York University.</subfield><subfield code="b">Libraries.</subfield></datafield><datafield ind1="0" ind2=" " tag="730"><subfield code="a">Arabic Collections Online.</subfield></datafield><datafield ind1="0" ind2="8" tag="776"><subfield code="i">Print version:</subfield><subfield code="a">Ab&#363; al-&#7788;ayyib al-Lughaw&#299;, &#699;Abd al-W&#257;&#7717;id ibn &#699;Al&#299;, d. 962 or 3 880-01</subfield><subfield code="t">Kit&#257;b al-itb&#257;&#699;</subfield><subfield code="w">(NNU)001907311</subfield><subfield code="w">(DLC)ne 63000298</subfield></datafield><datafield ind1="4" ind2="0" tag="856"><subfield code="u">http://hdl.handle.net/2333.1/1893214f</subfield></datafield><datafield ind1="1" ind2=" " tag="880"><subfield code="6">100-01/</subfield><subfield code="a">&#1581;&#1604;&#1576;&#1610;&#1548; &#1593;&#1576;&#1583; &#1575;&#1604;&#1608;&#1575;&#1581;&#1583; &#1576;&#1606; &#1593;&#1604;&#1610;.</subfield></datafield><datafield ind1="1" ind2="2" tag="880"><subfield code="6">240-02/</subfield><subfield code="a">&#1575;&#1604;&#1575;&#1578;&#1576;&#1575;&#1593;</subfield></datafield><datafield ind1="1" ind2="0" tag="880"><subfield code="6">245-03/</subfield><subfield code="a">&#1603;&#1578;&#1575;&#1576; &#1575;&#1604;&#1575;&#1578;&#1576;&#1575;&#1593; /</subfield><subfield code="c">&#1571;&#1576;&#1610; &#1575;&#1604;&#1591;&#1604;&#1576; &#1593;&#1576;&#1583; &#1575;&#1604;&#1608;&#1575;&#1581;&#1583; &#1576;&#1606; &#1593;&#1604;&#1610; &#1575;&#1604;&#1604;&#1594;&#1608;&#1610; &#1575;&#1604;&#1581;&#1604;&#1576;&#1610; &#1563; &#1581;&#1602;&#1602;&#1607; &#1608;&#1588;&#1585;&#1581;&#1607; &#1608;&#1602;&#1583;&#1605; &#1604;&#1607; &#1593;&#1586; &#1575;&#1604;&#1583;&#1610;&#1606; &#1575;&#1604;&#1578;&#1606;&#1608;&#1582;&#1610;.</subfield></datafield><datafield ind1=" " ind2=" " tag="880"><subfield code="6">260-04/</subfield><subfield code="a">&#1583;&#1605;&#1588;&#1602; :</subfield><subfield code="b">&#1575;&#1604;&#1605;&#1580;&#1605;&#1593; &#1575;&#1604;&#1604;&#1594;&#1577; &#1575;&#1604;&#1593;&#1585;&#1576;&#1610;&#1577; &#1576;&#1583;&#1605;&#1588;&#1602;&#1548;</subfield><subfield code="c">&#1633;&#1641;&#1638;&#1633;.</subfield></datafield><datafield ind1="1" ind2=" " tag="880"><subfield code="6">490-05/</subfield><subfield code="a">&#1605;&#1591;&#1576;&#1608;&#1593;&#1575;&#1578; &#1605;&#1580;&#1605;&#1593; &#1575;&#1604;&#1604;&#1594;&#1577; &#1575;&#1604;&#1593;&#1585;&#1576;&#1610;&#1577; &#1576;&#1583;&#1605;&#1588;&#1602;</subfield></datafield><datafield ind1="1" ind2=" " tag="880"><subfield code="6">700-06/</subfield><subfield code="a">&#1578;&#1606;&#1608;&#1582;&#1610;&#1548; &#1593;&#1586; &#1575;&#1604;&#1583;&#1610;&#1606;.</subfield></datafield><datafield ind1=" " ind2="0" tag="830"><subfield code="6">880-07</subfield><subfield code="a">Ma&#7789;b&#363;&#699;&#257;t Majma&#699; al-Lughah al-&#699;Arab&#299;yah bi-Dimashq</subfield></datafield><datafield ind1=" " ind2="0" tag="880"><subfield code="6">830-07/</subfield><subfield code="a">&#1605;&#1591;&#1576;&#1608;&#1593;&#1575;&#1578; &#1605;&#1580;&#1605;&#1593; &#1575;&#1604;&#1604;&#1594;&#1577; &#1575;&#1604;&#1593;&#1585;&#1576;&#1610;&#1577; &#1576;&#1583;&#1605;&#1588;&#1602;</subfield></datafield><datafield ind1=" " ind2=" " tag="959"><subfield code="a">NNU</subfield><subfield code="b">WEB</subfield><subfield code="c">GENI</subfield><subfield code="t">0</subfield><subfield code="m">Electronic access</subfield><subfield code="s">01</subfield></datafield><datafield ind1=" " ind2=" " tag="999"><subfield code="i">NNU_001907311</subfield><subfield code="s">nyu_aco000242</subfield></datafield></record>